@book{book_key,
	address = {City},
	publisher = {Publisher},
	author = {Smith, John},
	title = {Book title},
	year = {2012},
	volume = {3},
	series = {2},
	edition = {1},
	pages = {123--200},
	month = {January}
}

@article{article_key,
	address = {City},
	publisher = {Publisher},
	author = {Smith, James},
	title = {Article title},
	year = {2013},
	volume = {14},
	number = {6},
	pages = {1--8},
	month = {March}
}

@article{BlinderSolow,
title = {Does fiscal policy matter?},
journal = {Journal of Public Economics},
volume = {2},
number = {4},
pages = {319-337},
year = {1973},
issn = {0047-2727},
doi = {https://doi.org/10.1016/0047-2727(73)90023-6},
url = {https://www.sciencedirect.com/science/article/pii/0047272773900236},
author = {Alan S. Blinder and Robert M. Solow}
}

@article{Turing1936,
  title={On computable numbers, with an application to the Ent\-scheidungsproblem},
  author={Turing, Alan},
  journal={Proceedings of the London Mathematical Society},
  volume={42},
  pages={230--265},
  year={1936--7}
}

@book{Tao2006,
  title={Analysis},
  author={Tao, Terence},
  volume={1},
  year={2006},
  publisher={Hindustan Book Agency}
}

@Article{Fischer,
  author  = {S. Fischer},
  title   = {Long-term contracts, rational expectations, and the optimal money supply rule},
  journal = {Journal of Politial Economy},
  year    = {1977},
  volume  = {85},
  number  = {1},
  pages   = {191*205},
}

@Article{Muth,
  author  = {J.F. Muth},
  title   = {Rational Expectations and the Theory of Price Movements},
  journal = {Econometrica},
  year    = {1961},
  volume  = {29},
  number  = {3},
  pages   = {315-335},
}

@Unpublished{Tesfatsion,
  author = {L. Tesfatsion},
  title  = {Introductory Notes on Rational Expectations},
  note   = {Iowa State University},
  year   = {2017},
  url    = {http://www2.econ.iastate.edu/tesfatsi/reintro.pdf},
}

@article{Tobin,
  author  = {Tobin, James},
  title   = {Keynesian models of recession and depression},
  journal = {The American Economic Review Proceedings},
  year    = {1975},
  volume  = {65},
  number  = {2},
  pages   = {195-202},
}

@Book{Keynes,
  title     = {La teoría general de la ocupación, el interés y el dinero},
  publisher = {México: Fondo de Cultura Económica},
  year      = {1936},
  author    = {J.M. Keynes},
}

@book{Blanchard,
	author = {Blanchard, Olivier},
	title = {Macroeconomía},
	publisher = {Pearson Educación, S.A.},
	year = {2017},
	address = {Madrid, España},
	edition = {Séptima edición}
}


@Book{DeGregorio2007,
  author    = {De Gregorio, José},
  publisher = {Pearson-Prentice Hall},
  title     = {Macroeconomía: Teorías y Políticas},
  year      = {2007},
  address   = {Madrid},
  groups    = {UAM-I:6},
  owner     = {Eddy Lizarazu},
  timestamp = {2014.08.20},
}

@Book{Dornbusch,
  author    = {Dornbusch R., Fisher S., Startz R.},
  publisher = {McGraw Hill},
  title     = {Macroeconomía},
  year      = {1998},
  address   = {Madrid},
  groups    = {UAM-I:6},
  owner     = {Eddy Lizarazu},
  timestamp = {2014.07.12},
}

@Article{Durlauf2008,
  author    = {Durlauf, Steven and Blume, Lawrence E.},
  journal   = {The New Palgrave Dictionary of Economcs},
  title     = {{IS-LM}},
  year      = {2008},
  month     = {December},
  address   = {New York, NY, USA},
  groups    = {UAM-I:6},
  owner     = {Eddy Lizarazu},
  timestamp = {2014.07.12},
}

@Article{Friedman,
  author    = {Friedman, Milton},
  journal   = {American Economics Review,},
  title     = {The Role of Monetary Policy: {P}residential Address to {AEA}},
  year      = {1968},
  pages     = {1-17},
  volume    = {58},
  groups    = {UAM-I:6},
  owner     = {Eddy Lizarazu},
  timestamp = {2014.09.16},
}

@Article{Garcia-Cobian2004,
  author    = {Garc\'ia-Cobian, Román},
  title     = {"{El} {P}rincipio de {C}orrepondencia de {S}amuelson"},
  year      = {2004},
  note      = {Consultado de \url{http://departamento.pucp.edu.pe/economia/images/documentos/DDD235.pdf}},
  groups    = {UAM-I:6},
  owner     = {Eddy Lizarazu},
  timestamp = {2014.07.12},
}

@Book{Heijdra2002,
  author    = {Heijdra, Ben and Van der Ploeg, Frederick},
  publisher = {Oxford University Press},
  title     = {Foundations of Modern Macroeconomics},
  year      = {2002},
  address   = {New York},
  groups    = {UAM-I:6},
  language  = {english},
  owner     = {Eddy Lizarazu},
  timestamp = {2014.07.12},
}

@Book{Hicks1982,
  author    = {Hicks, J.R},
  publisher = {Fondo de Cultura Económica},
  title     = {Dinero, Interés y Precios},
  year      = {1982},
  address   = {México},
  groups    = {UAM-I:6},
  owner     = {Administrador},
  timestamp = {2014.10.17},
}

@Book{Hicks1939,
  author    = {Hicks, J.R.},
  publisher = {Clarendon Press},
  title     = {Value and Capital: An Inquiry into Some Fundamental Principles of Economic Theory},
  year      = {1939},
  address   = {Oxford},
  groups    = {UAM-I:6},
  owner     = {Eddy Lizarazu},
  timestamp = {2014.07.12},
}

@article{Hicks1937,
  author    = {Hicks, J.R.},
  journal   = {Econometrica},
  title     = {Mr. Keynes y the classics: A Suggested Interpretation},
  year      = {1937},
  pages     = {147-159},
  volume    = {5(2)},
  groups    = {UAM-I:6},
  owner     = {Eddy Lizarazu},
  timestamp = {2014.07.14},
}

@Article{Leijonhufvud1987,
  author    = {Leijonhufvud, Axel},
  journal   = {The New Palgrave Dictionary of Economics},
  title     = {"{IS-LM} {A}nalysis"},
  year      = {1987},
  pages     = {15-15},
  groups    = {UAM-I:6},
  owner     = {Eddy Lizarazu},
  publisher = {Mcmillan},
  timestamp = {2014.07.12},
}

@Book{Mankiw,
  author    = {Mankiw, Gregory},
  publisher = {Antoni Bosch},
  title     = {Macroeconom\'ia},
  year      = {2014},
  address   = {Barcelona},
  edition   = {8va.},
  groups    = {UAM-I:6},
  owner     = {Eddy Lizarazu},
  timestamp = {2014.07.12},
}

@article{Modigliani,
  author    = {Modigliani, Franco},
  journal   = {Econometrica},
  title     = {"{L}iquidity {P}reference and the {T}heory of {I}nterest and {M}oney"},
  year      = {1944},
  pages     = {45-88},
  volume    = {12(1)},
  groups    = {UAM-I:6},
  owner     = {Eddy Lizarazu},
  timestamp = {2014.07.12},
}

@Book{Patinkin,
  author    = {Patinkin, Don},
  publisher = {The MIT Press},
  title     = {Money, Interest, and Prices: An Integration of Monetary and Value Theory},
  year      = {1989},
  address   = {Cambridge Mass.; London},
  edition   = {2da.},
  groups    = {UAM-I:6},
  owner     = {Eddy Lizarazu},
  timestamp = {2014.09.16},
}

@Article{Rasche1973,
  author    = {Rasche, Robert},
  journal   = {Review, Federal Reserve Bank of St. Louis,},
  title     = {A comparative static analysis of some monetarist propositions},
  year      = {1973},
  month     = {Dic},
  pages     = {15-23},
  groups    = {UAM-I:6},
  owner     = {Administrador},
  timestamp = {2014.10.17},
}


@article{Romer,
Author = {Romer, David H.},
Title = {Keynesian Macroeconomics without the LM Curve},
Journal = {Journal of Economic Perspectives},
Volume = {14},
Number = {2},
Year = {2000},
Month = {June},
Pages = {149–169},
DOI = {10.1257/jep.14.2.149},
URL = {https://www.aeaweb.org/articles?id=10.1257/jep.14.2.149}}

@Book{Samuelson1947,
  author    = {Samuelson, Paul},
  publisher = {Harvard University Press},
  title     = {{F}oundations of {E}conomic {A}nalysis},
  year      = {1947},
  address   = {Cambridge Mass.},
  groups    = {UAM-I:6},
  language  = {english},
  owner     = {Eddy Lizarazu},
  timestamp = {2014.07.12},
}

@Book{Sargent1987,
  author    = {Sargent, Thomas},
  publisher = {Academic Press},
  title     = {{M}acroeconomic {T}heory},
  year      = {1987},
  address   = {London},
  edition   = {2da.},
  groups    = {UAM-I:6},
  owner     = {Eddy Lizarazu},
  timestamp = {2014.09.16},
}

@Book{Scarth2009,
  author    = {Scarth, William M.},
  publisher = {McMaster University},
  title     = {Macroeconomics: An {I}ntroduction to Advanced Methods},
  year      = {2009},
  address   = {Hamilton, Ontario},
  edition   = {3rd},
  groups    = {UAM-I:6},
  owner     = {Eddy Lizarazu},
  timestamp = {2014.07.12},
}

@Article{Tobin1975,
  author    = {Tobin, James},
  journal   = {American Economic Review Proceedings,},
  title     = {"{K}eynesian {M}odels of {R}ecesion and {D}epresion"},
  year      = {1975},
  pages     = {195-202},
  volume    = {65},
  groups    = {UAM-I:6},
  owner     = {Eddy Lizarazu},
  timestamp = {2014.07.12},
}

@Book{Turnovsky2000,
  author    = {Turnovsky, Stephen},
  publisher = {The MIT Press},
  title     = {Methods of Macroeconomics Dynamics},
  year      = {2000},
  edition   = {2da Edición},
  groups    = {UAM-I:6},
  owner     = {Eddy Lizarazu},
  timestamp = {2014.07.12},
}

@Book{Walsh2010,
  author    = {Walsh, Carl},
  publisher = {The MIT Press},
  title     = {{M}onetary {T}heory and {P}olicy},
  year      = {2010},
  address   = {Cambridge, Massachusetts},
  edition   = {3rd.},
  groups    = {UAM-I:6},
  owner     = {Administrador},
  timestamp = {2014.10.17},
}

@Book{Wicksell1898,
  author    = {Wicksell, Knut},
  publisher = {Mises Institute Student Series, Sentry Press New York},
  title     = {{I}nterest and {P}rices},
  year      = {1898},
  address   = {New York},
  groups    = {UAM-I:6},
  owner     = {Administrador},
  timestamp = {2014.10.24},
}

@Article{dornbusch1976,
  author  = {Dornbusch, R.},
  title   = {Expectations and Exchange Rate Dynamics},
  journal = {Journal of Political Economy},
  year    = {1976},
  volume  = {84},
  number  = {6},
  pages   = {1161–1176},
}

@Book{Eddy2006,
  author    = {Eddy Lizarazu},
  publisher = {UAM-I},
  title     = {La génesis lógica del modelo IS-LM},
  year      = {2006},
}

@Book{Levacic,
  author    = {Levačić, R., and Rebmann, A.},
  publisher = {Macmillan Education Ltd},
  title     = {Macroeconomics: An Introduction to Keynesian-Neoclassical Controversies},
  edition = {Second Edition},
  year      = {1982},
}

@Comment{jabref-meta: databaseType:bibtex;}

@Comment{jabref-meta: grouping:
0 AllEntriesGroup:;
1 StaticGroup:Markings\;2\;1\;\;\;\;;
2 StaticGroup:UAM-I:6\;2\;1\;\;\;\;;
}

